{
  "leader": "01754cam a2200373Ii 4500",
  "fields": [
    {
      "001": "ocm00383122\\"
    },
    {
      "003": "OCoLC"
    },
    {
      "005": "20220104161643.0"
    },
    {
      "008": "720816s1965\\\\\\\\nyub\\\\\\\\\\b\\\\\\\\000\\0\\eng\\\\"
    },
    {
      "010": {
        "ind1": "\\",
        "ind2": "\\",
        "subfields": [
          {
            "a": "   65021060 "
          }
        ]
      }
    },
    {
      "040": {
        "ind1": "\\",
        "ind2": "\\",
        "subfields": [
          {
            "a": "DLC"
          },
          {
            "b": "eng"
          },
          {
            "c": "OUN"
          },
          {
            "d": "SER"
          },
          {
            "d": "OCL"
          },
          {
            "d": "NLGGC"
          },
          {
            "d": "WY@"
          },
          {
            "d": "ZWZ"
          },
          {
            "d": "TJX"
          },
          {
            "d": "TULIB"
          },
          {
            "d": "MOZ"
          },
          {
            "d": "OCLCF"
          },
          {
            "d": "OCLCQ"
          },
          {
            "d": "OCLCO"
          },
          {
            "d": "CVM"
          },
          {
            "d": "ALMSI"
          },
          {
            "d": "OCLCQ"
          },
          {
            "d": "CCH"
          },
          {
            "d": "OCLCQ"
          },
          {
            "d": "BDP"
          }
        ]
      }
    },
    {
      "019": {
        "ind1": "\\",
        "ind2": "\\",
        "subfields": [
          {
            "a": "13378549"
          }
        ]
      }
    },
    {
      "035": {
        "ind1": "\\",
        "ind2": "\\",
        "subfields": [
          {
            "a": "(OCoLC)383122"
          },
          {
            "z": "(OCoLC)13378549"
          }
        ]
      }
    },
    {
      "050": {
        "ind1": "\\",
        "ind2": "0",
        "subfields": [
          {
            "a": "DK276.L34"
          }
        ]
      }
    },
    {
      "055": {
        "ind1": "\\",
        "ind2": "4",
        "subfields": [
          {
            "a": "DK276 L38"
          }
        ]
      }
    },
    {
      "082": {
        "ind1": "0",
        "ind2": "4",
        "subfields": [
          {
            "a": "947.085"
          },
          {
            "b": "LAS"
          }
        ]
      }
    },
    {
      "100": {
        "ind1": "1",
        "ind2": "\\",
        "subfields": [
          {
            "a": "Lasky, Victor."
          }
        ]
      }
    },
    {
      "245": {
        "ind1": "1",
        "ind2": "4",
        "subfields": [
          {
            "a": "The ugly Russian /"
          },
          {
            "c": "Victor Lasky."
          }
        ]
      }
    },
    {
      "260": {
        "ind1": "\\",
        "ind2": "\\",
        "subfields": [
          {
            "a": "New York :"
          },
          {
            "b": "Trident Press,"
          },
          {
            "c": "1965."
          }
        ]
      }
    },
    {
      "300": {
        "ind1": "\\",
        "ind2": "\\",
        "subfields": [
          {
            "a": "xi, 313 pages :"
          },
          {
            "b": "map (on lining papers) ;"
          },
          {
            "c": "22 cm"
          }
        ]
      }
    },
    {
      "336": {
        "ind1": "\\",
        "ind2": "\\",
        "subfields": [
          {
            "a": "text"
          },
          {
            "b": "txt"
          },
          {
            "2": "rdacontent"
          }
        ]
      }
    },
    {
      "337": {
        "ind1": "\\",
        "ind2": "\\",
        "subfields": [
          {
            "a": "unmediated"
          },
          {
            "b": "n"
          },
          {
            "2": "rdamedia"
          }
        ]
      }
    },
    {
      "338": {
        "ind1": "\\",
        "ind2": "\\",
        "subfields": [
          {
            "a": "volume"
          },
          {
            "b": "nc"
          },
          {
            "2": "rdacarrier"
          }
        ]
      }
    },
    {
      "504": {
        "ind1": "\\",
        "ind2": "\\",
        "subfields": [
          {
            "a": "Bibliographical references included in footnotes."
          }
        ]
      }
    },
    {
      "520": {
        "ind1": "\\",
        "ind2": "\\",
        "subfields": [
          {
            "a": "Examines activities of Communist officials from the U.S.S.R., Red China and satellite countries based on a trip by the author through twenty lands of Asia, Africa and the Middle East."
          }
        ]
      }
    },
    {
      "505": {
        "ind1": "0",
        "ind2": "\\",
        "subfields": [
          {
            "a": "\"Ugly Russians, go home\" -- Russian gifts -- Comradely trade -- Apartheid U. -- Comrade Blimp -- Guinea -- Lumumba -- Tshombe -- Peking safari -- East Africa -- Bhai Bhai -- Mangoes and rubles -- Cutback -- Pieces of glass."
          }
        ]
      }
    },
    {
      "650": {
        "ind1": "\\",
        "ind2": "0",
        "subfields": [
          {
            "a": "National characteristics, Russian."
          }
        ]
      }
    },
    {
      "650": {
        "ind1": "\\",
        "ind2": "0",
        "subfields": [
          {
            "a": "Russians"
          },
          {
            "z": "Foreign countries."
          }
        ]
      }
    },
    {
      "650": {
        "ind1": "\\",
        "ind2": "7",
        "subfields": [
          {
            "a": "National characteristics, Russian."
          },
          {
            "2": "fast"
          },
          {
            "0": "(OCoLC)fst01033503"
          }
        ]
      }
    },
    {
      "650": {
        "ind1": "\\",
        "ind2": "7",
        "subfields": [
          {
            "a": "Russians"
          },
          {
            "x": "Foreign countries."
          },
          {
            "2": "fast"
          },
          {
            "0": "(OCoLC)fst01102436"
          }
        ]
      }
    },
    {
      "776": {
        "ind1": "0",
        "ind2": "8",
        "subfields": [
          {
            "i": "Online version:"
          },
          {
            "a": "Lasky, Victor."
          },
          {
            "t": "Ugly Russian."
          },
          {
            "d": "New York, Trident Press, 1965"
          },
          {
            "w": "(OCoLC)624167199"
          }
        ]
      }
    },
    {
      "994": {
        "ind1": "\\",
        "ind2": "\\",
        "subfields": [
          {
            "a": "Z0"
          },
          {
            "b": "NYRVC"
          }
        ]
      }
    },
    {
      "948": {
        "ind1": "\\",
        "ind2": "\\",
        "subfields": [
          {
            "h": "NO HOLDINGS IN NYRVC - 715 OTHER HOLDINGS"
          }
        ]
      }
    },
    {
      "999": {
        "ind1": "\\",
        "ind2": "\\",
        "subfields": [
          {
            "a": "00000000014088"
          }
        ]
      }
    }
  ]
}